<record><leader>00000cas a22000007a 4500</leader><controlfield tag="001">24980676</controlfield><controlfield tag="008">911217d1952196uctumr ne      0    0eng d</controlfield><controlfield tag="009">14297</controlfield><datafield ind1=" " ind2=" " tag="010"><subfield code="a">sn 91053011 </subfield></datafield><datafield ind1=" " ind2=" " tag="040"><subfield code="a">CNW</subfield><subfield code="b">eng</subfield><subfield code="c">CNW</subfield><subfield code="d">OCLCQ</subfield></datafield><datafield ind1="1" ind2=" " tag="029"><subfield code="a">AU@</subfield><subfield code="b">000025867452</subfield></datafield><datafield ind1=" " ind2=" " tag="042"><subfield code="a">msc</subfield></datafield><datafield ind1="0" ind2=" " tag="130"><subfield code="a">Ashford citizen (Ashford, Conn. : 1952)</subfield></datafield><datafield ind1="0" ind2="4" tag="245"><subfield code="a">The Ashford citizen.</subfield></datafield><datafield ind1=" " ind2=" " tag="260"><subfield code="a">Ashford, Conn. :</subfield><subfield code="b">Ashford Better Community Development Board</subfield></datafield><datafield ind1=" " ind2=" " tag="300"><subfield code="a">v.</subfield></datafield><datafield ind1=" " ind2=" " tag="310"><subfield code="a">Monthly,</subfield><subfield code="b">Apr. 1, 1959-&lt;Aug. 15, 1962&gt;</subfield></datafield><datafield ind1=" " ind2=" " tag="321"><subfield code="a">Semimonthly (Sept. 15-July 1),</subfield><subfield code="b">Sept. 15, 1952-Mar. 15, 1959</subfield></datafield><datafield ind1="0" ind2=" " tag="362"><subfield code="a">Vol. 1, no. 1 (Sept. 15, 1952)-</subfield></datafield><datafield ind1=" " ind2=" " tag="515"><subfield code="a">Issues for Oct. 1-Nov. 1, 1956 are undesignated.</subfield></datafield><datafield ind1=" " ind2="4" tag="651"><subfield code="a">Ashford (Conn.)</subfield><subfield code="v">Newspapers.</subfield></datafield><datafield ind1=" " ind2=" " tag="752"><subfield code="a">United States</subfield><subfield code="b">Connecticut</subfield><subfield code="c">Windham</subfield><subfield code="d">Ashford.</subfield></datafield></record>